@article{csupd,
    title = {Cluster Supervision Daemon},
    author = {Damien Collard and Sébastien Gonzalve},
    institution = {Seanodes},
    year = {2006},
    url = {svn+ssh://fusion/svn/docs/trunk/csm/csupd}
}

@article{evmgr,
    title = {Event Manager},
    author = {Damien Collard and Sébastien Gonzalve},
    institution = {Seanodes},
    year = {2006},
    url = {svn+ssh://fusion/svn/docs/trunk/csm/evmgr}
}

@article{mship,
    title = {Membership management in Exanodes 2.4},
    author = {Damien Collard},
    institution = {Seanodes},
    year = {2008},
    url = {svn+ssh://fusion/svn/docs/trunk/csm}
}

@article{cli_server,
    title = {The Admind CLI server},
    author = {Damien Collard and Sébastien Gonzalve},
    institution = {Seanodes},
    year = {2008},
    url = {svn+ssh://fusion/svn/docs/branches/core/admind}
}

@article{vrt,
    title = {Le virtualiseur d'Exanodes},
    author = {Alban Créquy and Thomas Petazzoni},
    institution = {Seanodes},
    year = {2007},
    url = {svn+ssh://fusion/svn/docs/trunk/vrt}
}

@article{nbd,
    title = {NBD Internals},
    author = {Nabil Ben-Khalifa and Olivier Cozette},
    institution = {Seanodes},
    year = {2007},
    url = {http://fusion/trac/attachment/wiki/nbd_internal/nbd_internal.pdf}
}

@article{request_path,
    title = {Request path analysis},
    author = {Samuel Richard},
    institution = {Seanodes},
    year = {2009},
    url = {http://builder/builds/pdf/activity/innovation/items/quota/exa_request_path/gen3/gen3_request_path.pdf}
}

